@misc{noauthor_why_2014,
	title = {Why electricity demand is linked to {GDP}},
	url = {https://marketrealist.com/2014/10/why-electricity-demand-is-linked-to-gdp/},
	abstract = {Electricity is the backbone of a nation's progress. All of the industries need electricity to operateâ€”directly or indirectly. When a business flourishes, the electricity consumption increases.},
	language = {en-US},
	urldate = {2020-05-03},
	journal = {Market Realist},
	month = oct,
	year = {2014},
	note = {Library Catalog: marketrealist.com
Section: Energy \& Utilities},
	file = {Snapshot:/Users/asvaaron/Zotero/storage/DW62Y42E/why-electricity-demand-is-linked-to-gdp.html:text/html}
}

@book{fry2008visualizing,
  title={Visualizing Data: Exploring and Explaining Data with the Processing Environment},
  author={Fry, B.},
  isbn={9780596514556},
  lccn={2008297507},
  series={Data Analysis},
  url={https://books.google.co.cr/books?id=dxewmwEACAAJ},
  year={2008},
  publisher={O'Reilly Media, Incorporated}
}